<record><leader>00000cas a2200000 a 4500</leader><controlfield tag="001">12204503</controlfield><controlfield tag="008">850627d18741874pauwr ne      0    0eng c</controlfield><datafield ind1=" " ind2=" " tag="010"><subfield code="a">sn 85054660 </subfield></datafield><datafield ind1=" " ind2=" " tag="040"><subfield code="a">NPH</subfield><subfield code="b">eng</subfield><subfield code="c">NPH</subfield><subfield code="d">NST</subfield><subfield code="d">CNW</subfield><subfield code="d">NVF</subfield><subfield code="d">OCL</subfield><subfield code="d">OCLCQ</subfield><subfield code="d">OCLCF</subfield><subfield code="d">OCLCO</subfield></datafield><datafield ind1=" " ind2=" " tag="012"><subfield code="i">9203</subfield></datafield><datafield ind1="1" ind2=" " tag="029"><subfield code="a">AU@</subfield><subfield code="b">000004334869</subfield></datafield><datafield ind1=" " ind2=" " tag="042"><subfield code="a">pcc</subfield></datafield><datafield ind1=" " ind2=" " tag="043"><subfield code="a">n-us-pa</subfield></datafield><datafield ind1="0" ind2="0" tag="245"><subfield code="a">Weekly labor tribune.</subfield></datafield><datafield ind1="1" ind2="3" tag="246"><subfield code="a">Labor tribune</subfield></datafield><datafield ind1="1" ind2="3" tag="246"><subfield code="a">National weekly labor tribune</subfield></datafield><datafield ind1=" " ind2=" " tag="260"><subfield code="a">Pittsburgh, Pa. :</subfield><subfield code="b">John Morrison Davis,</subfield><subfield code="c">-1874.</subfield></datafield><datafield ind1=" " ind2=" " tag="300"><subfield code="a">v.</subfield></datafield><datafield ind1=" " ind2=" " tag="310"><subfield code="a">Weekly</subfield></datafield><datafield ind1="1" ind2=" " tag="362"><subfield code="a">Began in 1874.</subfield></datafield><datafield ind1="0" ind2=" " tag="362"><subfield code="a">-v. 2, no. 2 (Jan. 17, 1874).</subfield></datafield><datafield ind1=" " ind2=" " tag="500"><subfield code="a">"Devoted to the interests of labor and to the protection of home industries."</subfield></datafield><datafield ind1=" " ind2=" " tag="530"><subfield code="a">Available on microfilm from Bell and Howell.</subfield></datafield><datafield ind1=" " ind2=" " tag="588"><subfield code="a">Description based on: Vol. 2, no. 1 (Jan. 10, 1874).</subfield></datafield><datafield ind1=" " ind2="0" tag="650"><subfield code="a">Labor unions</subfield><subfield code="z">Pennsylvania</subfield><subfield code="z">Pittsburgh</subfield><subfield code="v">Newspapers.</subfield></datafield><datafield ind1=" " ind2="0" tag="651"><subfield code="a">Pittsburgh (Pa.)</subfield><subfield code="v">Newspapers.</subfield></datafield><datafield ind1=" " ind2="7" tag="655"><subfield code="a">Newspapers.</subfield><subfield code="2">fast</subfield><subfield code="0">(OCoLC)fst01423814</subfield></datafield><datafield ind1=" " ind2="7" tag="650"><subfield code="a">Labor unions.</subfield><subfield code="2">fast</subfield><subfield code="0">(OCoLC)fst00990260</subfield></datafield><datafield ind1=" " ind2="7" tag="651"><subfield code="a">Pennsylvania</subfield><subfield code="z">Pittsburgh.</subfield><subfield code="2">fast</subfield><subfield code="0">(OCoLC)fst01205171</subfield></datafield><datafield ind1=" " ind2=" " tag="752"><subfield code="a">United States</subfield><subfield code="b">Pennsylvania</subfield><subfield code="c">Allegheny</subfield><subfield code="d">Pittsburgh.</subfield></datafield><datafield ind1="0" ind2="0" tag="780"><subfield code="t">Printers' labor tribune</subfield><subfield code="w">(DLC)sn 85054661</subfield></datafield><datafield ind1="0" ind2="0" tag="785"><subfield code="t">National labor tribune</subfield><subfield code="w">(DLC)sn 85054676</subfield><subfield code="w">(OCoLC)2448927</subfield></datafield><datafield ind1=" " ind2=" " tag="850"><subfield code="a">CU-S</subfield></datafield></record>